
@book{Kottwitz,
   title =     {LaTeX Beginner's Guide},
   author =    {Kottwitz S.},
   publisher = {Packt Publishing},
   isbn =      {1847199860; 9781847199867},
   year =      {2011},
   url =       {libgen.li/file.php?md5=0c4186709460b294ac2ffef49ec1c76c}
   }
   
@book{91364001,
   title =     {How to Build a Digital Library},
   author =    {Ian H. Witten, David Bainbridge},
   publisher = {Morgan Kaufmann Publishers},
   isbn =      {1558607900; 9781558607903; 9780585462356; 0585462356},
   year =      {2003},
   series =    {The Morgan Kaufmann series in multimedia information and systems},
   edition =   {1st},
   url =       {libgen.li/file.php?md5=1820c1b1c24403a2dcf1136f52fc33cd}}