@book{ahmed_software_2012,
	address = {New York},
	title = {Software {Project} {Management}: {A} {Process}-{Driven} {Approach}},
	isbn = {978-0-429-06465-4},
	shorttitle = {Software {Project} {Management}},
	abstract = {To build reliable, industry-applicable software products, large-scale software project groups must continuously improve software engineering processes to increase product quality, facilitate cost reductions, and adhere to tight schedules. Emphasizing the critical components of successful large-scale software projects, Software Project Management: A},
	publisher = {Auerbach Publications},
	author = {Ahmed, Ashfaque},
	month = jan,
	year = {2012},
	doi = {10.1201/b11362},
}


@misc{historia,
	title = {Java {SE} versions history},
	url = {https://www.codejava.net/java-se/java-se-versions-history},
	urldate = {2022-11-25},
	file = {Java SE versions history:/home/tomas/Zotero/storage/ID9SR46S/java-se-versions-history.html:text/html},
}

