@online {ref:thanos,
title = {Statistics},
author = {ITU 2014 All Rights Reserved},
titleaddon = {{ITU}},
year = {2014},
month = {Mar.},
urldate = {2014-03-05},
howpublished = {\url{http://www.itu.int/en/ITU-D/Statistics/Pages/stat/default.aspx#}}
}